@techreport{Parallax-react,
    author = {Parallax},
    title = {react-spring},
    url={https://react-spring.dev/docs/components/parallax},
    year={2024},
}