@book{mutsvairo2020data,
  title={Data Journalism in the Global South},
  author={Mutsvairo, B. and Bebawi, S. and Borges-Rey, E.},
  isbn={9783030251772},
  series={Palgrave Studies in Journalism and the Global South},
  url={https://books.google.com.mx/books?id=4KbNDwAAQBAJ},
  year={2020},
  publisher={Springer International Publishing}
}