@manual{Font-Awesome,
    url="https://fontawesome.com/",
    title ="Font-Awesome" 
}